<record><leader>00000cas a22000007a 4500</leader><controlfield tag="001">12327516</controlfield><controlfield tag="008">850731d19031961wiuwr ne      0    0eng d</controlfield><datafield ind1=" " ind2=" " tag="010"><subfield code="a">sn 85041070 </subfield></datafield><datafield ind1=" " ind2=" " tag="040"><subfield code="a">NPV</subfield><subfield code="b">eng</subfield><subfield code="c">NPV</subfield><subfield code="d">OCLCQ</subfield></datafield><datafield ind1=" " ind2=" " tag="042"><subfield code="a">msc</subfield></datafield><datafield ind1=" " ind2=" " tag="045"><subfield code="a">x0x6</subfield></datafield><datafield ind1=" " ind2=" " tag="052"><subfield code="a">4123</subfield><subfield code="b">L3</subfield></datafield><datafield ind1="0" ind2="4" tag="245"><subfield code="a">The Belmont success.</subfield></datafield><datafield ind1=" " ind2=" " tag="260"><subfield code="a">Belmont, Wis. :</subfield><subfield code="b">[Tom C. Snyder],</subfield><subfield code="c">-1961.</subfield></datafield><datafield ind1=" " ind2=" " tag="300"><subfield code="a">57 v. :</subfield><subfield code="b">ill.</subfield></datafield><datafield ind1=" " ind2=" " tag="310"><subfield code="a">Weekly</subfield></datafield><datafield ind1="0" ind2=" " tag="362"><subfield code="a">-v. 57, no. 52 (Dec. 28, 1961).</subfield></datafield><datafield ind1="1" ind2=" " tag="362"><subfield code="a">Began with May 20, 1903 issue.</subfield><subfield code="z">Cf. Oehlerts, d. E. Guide to Wis. newspapers.</subfield></datafield><datafield ind1=" " ind2=" " tag="500"><subfield code="a">Title varies slightly.</subfield></datafield><datafield ind1=" " ind2=" " tag="500"><subfield code="a">Publisher varies: D. Benedict, &lt;Oct. 14, 1943&gt;-Feb. 27, 1947.--B.C. Druliner, Mar. 6, 1947-May 31, 1956.--E.B. Curtiss and R.T. Curtiss, June 7, 1956-Dec. 28, 1961.</subfield></datafield><datafield ind1=" " ind2=" " tag="500"><subfield code="a">Editor: T.C. Snyder, &lt;June 18, 1903&gt;-&lt;Sept. 7, 1923&gt;.--B.C. Druliner, Mar. 6, 1947-May 31, 1956.</subfield></datafield><datafield ind1=" " ind2=" " tag="530"><subfield code="a">Available on microfilm from The State Historical Society of Wisconsin.</subfield></datafield><datafield ind1=" " ind2=" " tag="588"><subfield code="a">Description based on: Vol. 1, no. 5 (June 18, 1903).</subfield></datafield><datafield ind1=" " ind2=" " tag="752"><subfield code="a">United States</subfield><subfield code="b">Wisconsin</subfield><subfield code="c">Lafayette</subfield><subfield code="d">Belmont.</subfield></datafield><datafield ind1="0" ind2="7" tag="785"><subfield code="t">Republican-journal (Darlington, Wis.)</subfield><subfield code="w">(DLC)sn 84024371</subfield></datafield><datafield ind1="0" ind2="7" tag="785"><subfield code="t">Republican journal and the Belmont success</subfield></datafield></record>